@inproceedings{hodanEPOSEstimating6D2020,
  author={Hodaň, Tomáš and Baráth, Dániel and Matas, Jiří},
  booktitle={2020 IEEE/CVF Conference on Computer Vision and Pattern Recognition (CVPR)},
  title = {{{EPOS}}: {{Estimating 6D Pose}} of {{Objects With Symmetries}}},
  year={2020},
  volume={},
  number={},
  pages={11700-11709},
  doi={10.1109/CVPR42600.2020.01172}
}

@article{arun2018probabilistic,
  author = {Rangaprasad Arun Srivatsan and Mengyun Xu and Nicolas Zevallos and Howie Choset},
  title ={Probabilistic pose estimation using a Bingham distribution-based linear filter},
  journal = {The International Journal of Robotics Research},
  volume = {37},
  number = {13-14},
  pages = {1610-1631},
  year = {2018},
  doi = {10.1177/0278364918778353}
}

@article{binghamAntipodallySymmetricDistribution1974,
  title = {An {{Antipodally Symmetric Distribution}} on the {{Sphere}}},
  author = {Bingham, Christopher},
  year = {1974},
  volume = {2},
  pages = {1201-1225},
  publisher = {{Institute of Mathematical Statistics}},
  issn = {0090-5364, 2168-8966},
  doi = {10.1214/aos/1176342874},
  journal = {Annals of Statistics},
  keywords = {distribution of axes,distribution of directions,Distribution on sphere,hypergeometric functions,test of circularity,test of isotropy},
  mrnumber = {MR397988},
  number = {6},
  zmnumber = {0297.62010}
}

@inproceedings{fanDecentralizedRecursiveIdentification2017,
  author={Fan, Taosha and Weng, Huan and Murphey, Todd},
  booktitle={2017 IEEE 56th Annual Conference on Decision and Control (CDC)}, 
  title = {Decentralized and Recursive Identification for Cooperative Manipulation of Unknown Rigid Body with Local Measurements},
  year={2017},
  volume={},
  number={},
  pages={2842-2849},
  doi={10.1109/CDC.2017.8264073}
}

@inproceedings{feiten20096d,
  title={{6D Pose Uncertainty} in {Robotic Perception}},
  author={Feiten, Wendelin and Atwal, Pradeep and Eidenberger, Robert and Grundmann, Thilo},
  booktitle={Advances in Robotics Research},
  pages={89-98},
  year={2009},
  publisher={Springer},
  isbn = {978-3-642-01212-9},
  doi = {10.1007/978-3-642-01213-6_9}
}

@inproceedings{feitenRigidMotionEstimation2013,
  author={Feiten, Wendelin and Lang, Muriel and Hirche, Sandra},
  booktitle={Proceedings of the 16th International Conference on Information Fusion}, 
  title={Rigid Motion Estimation Using Mixtures of Projected {{Gaussians}}}, 
  year={2013},
  volume={},
  number={},
  pages={1465-1472},
  doi={}
}

@inproceedings{gilitschenskiNewProbabilityDistribution2014,
  author={Gilitschenski, Igor and Kurz, Gerhard and Julier, Simon J. and Hanebeck, Uwe D.},
  booktitle={17th International Conference on Information Fusion (FUSION)}, 
  title = {A New Probability Distribution for Simultaneous Representation of Uncertain Position and Orientation},
  year={2014},
  volume={},
  number={},
  pages={1-7},
  doi={}
}

@inproceedings{gilitschenskiStochasticFilterPlanar2015,
  title = {A Stochastic Filter for Planar Rigid-Body Motions},
  booktitle = {2015 {{IEEE International Conference}} on {{Multisensor Fusion}} and {{Integration}} for {{Intelligent Systems}} ({{MFI}})},
  author = {Gilitschenski, Igor and Kurz, Gerhard and Hanebeck, Uwe D.},
  year = {2015},
  pages = {13-18},
  address = {{San Diego, CA, USA}},
  doi = {10.1109/MFI.2015.7295738}
}

@inproceedings{gilitschenskiDEEPORIENTATIONUNCERTAINTY2020,
    title={Deep Orientation Uncertainty Learning based on a Bingham Loss},
    author={Igor Gilitschenski and Roshni Sahoo and Wilko Schwarting and Alexander Amini and Sertac Karaman and Daniela Rus},
    booktitle={International Conference on Learning Representations},
    year={2020}
}

@inproceedings{gloverBinghamProcrusteanAlignment2013,
  author={Glover, Jared and Popovic, Sanja},
  booktitle={2013 IEEE/RSJ International Conference on Intelligent Robots and Systems}, 
  title = {Bingham {{Procrustean Alignment}} for {{Object Detection}} in {{Clutter}}},
  year={2013},
  volume={},
  number={},
  pages={2158-2165},
  doi={10.1109/IROS.2013.6696658}
}

@inproceedings{gloverMonteCarloPose2011,
  title = {Monte {{Carlo Pose Estimation}} with {{Quaternion Kernels}} and the {{Bingham Distribution}}},
  author = {Glover, Jared and Bradski, Gary and Rusu, Radu Bogdan and Park, Menlo},
  volume={7},
  pages={97},
  year={2012},
  booktitle={Robotics: science and systems}
}

@inproceedings{goddardPoseMotionEstimation1998,
  author = {J. S. Goddard and Mongi A. Abidi},
  title = {Pose and Motion Estimation Using Dual Quaternion-Based Extended {{Kalman}} Filtering},
  volume = {3313},
  booktitle = {Three-Dimensional Image Capture and Applications},
  editor = {Richard N. Ellson and Joseph H. Nurre},
  organization = {International Society for Optics and Photonics},
  publisher = {SPIE},
  pages = {189-200},
  year = {1998},
  doi = {10.1117/12.302453}
}

@article{hornClosedformSolutionAbsolute1987,
  author = {Horn, Berthold and Hilden, Hugh and Negahdaripour, Shahriar},
  year = {1988},
  pages = {1127-1135},
  title = {Closed-Form Solution of Absolute Orientation using Orthonormal Matrices},
  volume = {5},
  journal = {Journal of the Optical Society of America A},
  doi = {10.1364/JOSAA.5.001127}
}

@inproceedings{kurzRecursiveEstimationOrientation2013,
  title = {Recursive Estimation of Orientation Based on the {{Bingham}} Distribution},
  author = {Kurz, Gerhard and Gilitschenski, Igor and Julier, Simon and Hanebeck, Uwe D},
  year = {2013},
  pages = {1487-1494},
  booktitle = {Proceedings of the 16th International Conference on Information Fusion, FUSION 2013}
}

@inproceedings{liGeometryDrivenStochasticModeling2019,
  title = {Geometry-{{Driven Stochastic Modeling}} of {{SE}}(3) {{States Based}} on {{Dual Quaternion Representation}}},
  booktitle = {2019 {{IEEE International Conference}} on {{Industrial Cyber Physical Systems}} ({{ICPS}})},
  author = {Li, Kailai and Pfaff, Florian and Hanebeck, Uwe D.},
  year = {2019},
  pages = {254-260},
  doi = {10.1109/ICPHYS.2019.8780254}
}

@inproceedings{liNonlinearProgressiveFiltering2018,
  author={Li, Kailai and Kurz, Gerhard and Bernreiter, Lukas and Hanebeck, Uwe D.},
  booktitle={2018 21st International Conference on Information Fusion (FUSION)}, 
  title = {Nonlinear {{Progressive Filtering}} for {{SE}}(2) {{Estimation}}},
  year={2018},
  volume={},
  number={},
  pages={712-719},
  doi={10.23919/ICIF.2018.8455231}
}

@inproceedings{manhardtExplainingAmbiguityObject2019,
  author={Manhardt {\textit{ et al.}}, Fabian},
  booktitle={2019 IEEE/CVF International Conference on Computer Vision (ICCV)},
  title = {Explaining the {{Ambiguity}} of {{Object Detection}} and {{6D Pose From Visual Data}}},
  year={2019},
  volume={},
  number={},
  pages={6840-6849},
  doi={10.1109/ICCV.2019.00694}
}

@inproceedings{okornLearningOrientationDistributions2020,  
  author={Okorn, Brian and Xu, Mengyun and Hebert, Martial and Held, David},
  booktitle={2020 IEEE/RSJ International Conference on Intelligent Robots and Systems (IROS)},
  title = {Learning {{Orientation Distributions}} for {{Object Pose Estimation}}},
  year={2020},
  volume={},
  number={},
  pages={10580-10587},
  doi={10.1109/IROS45743.2020.9340860}
}

@inproceedings{peretroukhinSmoothRepresentationBelief2020,
  title = {A {{Smooth Representation}} of {{Belief}} over {{SO}}(3) for {{Deep Rotation Learning}} with {{Uncertainty}}},
  booktitle = {Robotics: {{Science}} and {{Systems XVI}}},
  author = {Peretroukhin, Valentin and Giamou, Matthew and Nicholas Greene, W. and Rosen, David and Kelly, Jonathan and Roy, Nicholas},
  year = {2020},
  publisher = {{Robotics: Science and Systems Foundation}},
  doi = {10.15607/RSS.2020.XVI.007}
}

@inproceedings{dengPoseRBPFRaoBlackwellizedParticle2019,
  author = {Xinke Deng and Arsalan Mousavian and Yu Xiang and Fei Xia and Timothy Bretl and Dieter Fox},
  title = {{{PoseRBPF}}: {{A Rao}}-{{Blackwellized Particle Filter}} for {{6D Object Pose Tracking}}},
  booktitle = {Robotics: Science and Systems (RSS)},
  year = {2019},
  doi = {10.15607/RSS.2019.XV.049} 
}

@article{feitenMPGFrameworkReasoning2011,
  title = {{{MPG}} - {{A Framework}} for {{Reasoning}} on 6 {{DOF Pose Uncertainty}}},
  author = {Feiten, Wendelin and Lang, Muriel},
  year = {2017},
  archiveprefix = {arXiv},
  eprint = {1707.01941},
  eprinttype = {arxiv},
  journal = {arXiv:1707.01941 [cs]},
  keywords = {Computer Science - Robotics},
  primaryclass = {cs}
}

@inproceedings{kurzPartiallyWrappedNormal2014,
  title = {The Partially Wrapped Normal Distribution for {{SE}}(2) Estimation},
  booktitle = {2014 {{International Conference}} on {{Multisensor Fusion}} and {{Information Integration}} for {{Intelligent Systems}} ({{MFI}})},
  author = {Kurz, Gerhard and Gilitschenski, Igor and Hanebeck, Uwe D.},
  year = {2014},
  pages = {1-8},
  publisher = {{IEEE}},
  address = {{Beijing, China}},
  doi = {10.1109/MFI.2014.6997733}
}

@inproceedings{zengRoboticPickandPlaceNovel2018,  
  author = {Zeng, Andy and Song, Shuran and Yu, Kuan-Ting and Donlon, Elliott and Hogan, Francois R. and Bauza, Maria and Ma, Daolin and Taylor, Orion and Liu, Melody and Romo, Eudald and Fazeli, Nima and Alet, Ferran and Dafle, Nikhil Chavan and Holladay, Rachel and Morena, Isabella and Qu Nair, Prem and Green, Druck and Taylor, Ian and Liu, Weber and Funkhouser, Thomas and Rodriguez, Alberto},
  booktitle={2018 IEEE International Conference on Robotics and Automation (ICRA)}, 
  title = {Robotic {{Pick}}-and-{{Place}} of {{Novel Objects}} in {{Clutter}} with {{Multi}}-{{Affordance Grasping}} and {{Cross}}-{{Domain Image Matching}}},
  year={2018},
  volume={},
  number={},
  pages={3750-3757},
  doi={10.1109/ICRA.2018.8461044}
}

@inproceedings{prokudinDeepDirectionalStatistics2018,
  title = {Deep {{Directional Statistics}}: {{Pose Estimation}} with {{Uncertainty Quantification}}},
  author = {Prokudin, Sergey and Gehler, Peter and Nowozin, Sebastian},
  booktitle = {2018 European Conference on Computer Vision (ECCV)},
  year = {2018},
  pages = {534-551}
}

@inproceedings{wangDenseFusion6DObject2019,  
  author={Wang, Chen and Xu, Danfei and Zhu, Yuke and Martín-Martín, Roberto and Lu, Cewu and Fei-Fei, Li and Savarese, Silvio},
  booktitle={2019 IEEE/CVF Conference on Computer Vision and Pattern Recognition (CVPR)},
  title = {{{DenseFusion}}: {{6D Object Pose Estimation}} by {{Iterative Dense Fusion}}},
  year={2019},
  volume={},
  number={},
  pages={3338-3347},
  doi={10.1109/CVPR.2019.00346}
}

@article{xiangPoseCNNConvolutionalNeural2018,
  author = {Xiang, Yu and Schmidt, Tanner and Narayanan, Venkatraman and Fox, Dieter},
  title = {{{PoseCNN}}: {{A Convolutional Neural Network}} for {{6D Object Pose Estimation}} in {{Cluttered Scenes}}},
  journal  = {Robotics: Science and Systems (RSS)},
  year = {2018}
}

@inproceedings{hinterstoisserModelBasedTraining2013,
  title = {Model {{Based Training}}, {{Detection}} and {{Pose Estimation}} of {{Texture}}-{{Less 3D Objects}} in {{Heavily Cluttered Scenes}}},
  booktitle = {Computer {{Vision}} \textendash{} {{ACCV}} 2012},
  author = {Hinterstoisser, Stefan and Lepetit, Vincent and Ilic, Slobodan and Holzer, Stefan and Bradski, Gary and Konolige, Kurt and Navab, Nassir},
  editor = {Hutchison, David and Kanade, Takeo and Kittler, Josef and Kleinberg, Jon M. and Mattern, Friedemann and Mitchell, John C. and Naor, Moni and Nierstrasz, Oscar and Pandu Rangan, C. and Steffen, Bernhard and Sudan, Madhu and Terzopoulos, Demetri and Tygar, Doug and Vardi, Moshe Y. and Weikum, Gerhard and Lee, Kyoung Mu and Matsushita, Yasuyuki and Rehg, James M. and Hu, Zhanyi},
  year = {2013},
  volume = {7724},
  pages = {548-562},
  publisher = {{Springer Berlin Heidelberg}},
  address = {{Berlin, Heidelberg}},
  doi = {10.1007/978-3-642-37331-2_42}
}

@article{akyarDualQuaternionsSpatial2008,
  title = {Dual {{Quaternions}} in {{Spatial Kinematics}} in an {{Algebraic Sense}}},
  author={Akyar, Bedia},
  journal={Turkish Journal of Mathematics},
  volume={32},
  number={4},
  pages={373-391},
  year={2008},
  publisher={The Scientific and Technological Research Council of Turkey}
}

@article{kurzDirectionalStatisticsFiltering2017,
  author = {Gerhard Kurz and Igor Gilitschenski and Florian Pfaff and Lukas Drude and Uwe D. Hanebeck and Reinhold Haeb-Umbach and Roland Y. Siegwart},
  title = {Directional {{Statistics}} and {{Filtering Using libDirectional}}},
  journal = {Journal of Statistical Software, Articles},
  volume = {89},
  number = {4},
  year = {2019},
  issn = {1548-7660},
  pages = {1-31},
  doi = {10.18637/jss.v089.i04}
}

@article{kurzRecursiveBinghamFilter2014,
  author = {Kurz, Gerhard and Gilitschenski, Igor and Julier, Simon and Hanebeck, Uwe},
  year = {2014},
  pages = {90-105},
  title = {Recursive {{Bingham Filter}} for {{Directional Estimation Involving}} 180 {{Degree Symmetry}}},
  volume = {9},
  journal = {Journal of Advances in Information Fusion}
}

@book{andersonIntroductionMultivariateStatistical2003,
  title = {An Introduction to Multivariate Statistical Analysis},
  author = {Anderson, Theodore Wilbur},
  year = {2003},
  publisher = {{Wiley-interscience}}
}

@book{barfootStateEstimationRobotics2021,
author = {Barfoot, Timothy D.},
title = {State Estimation for Robotics},
year = {2017},
isbn = {1107159393},
publisher = {Cambridge University Press}
}

@book{corkeRoboticsVisionControl2017,
  title = {Robotics, {{Vision}} and {{Control}}},
  author = {Corke, Peter},
  year = {2017},
  volume = {118},
  pages = {45},
  publisher = {{Springer International Publishing}},
  address = {{Cham}},
  doi = {10.1007/978-3-319-54413-7},
  series = {Springer {{Tracts}} in {{Advanced Robotics}}}
}

@phdthesis{antoneRobustCameraPose2001,
  title = {Robust {{Camera Pose Recovery Using Stochastic Geometry}}},
  author = {Antone, Matthew E},
  year = {2001}
}

@article{jacksonPlanningAttitude2021,
  title = {Planning {{With Attitude}}},
  author = {Jackson, Brian E. and Tracy, Kevin and Manchester, Zachary},
  year = {2021},
  journal = {IEEE Robotics and Automation Letters},
  pages = {1--1},
  issn = {2377-3766, 2377-3774},
  langid = {english}
}


@article{linRoboticGraspingMultiView2021,
  title = {Robotic {{Grasping With Multi-View Image Acquisition}} and {{Model-Based Pose Estimation}}},
  author = {Lin, Huei-Yung and Liang, Shih-Cheng and Chen, Yu-Kai},
  year = {2021},
  month = may,
  journal = {IEEE Sensors Journal},
  volume = {21},
  number = {10},
  pages = {11870--11878},
  issn = {1530-437X, 1558-1748, 2379-9153},
  langid = {english}
}

@article{kenwrightBeginnersGuideDualquaternions2012,
  title = {A Beginners Guide to Dual-Quaternions: What They Are, How They Work, and How to Use Them for {{3D}} Character Hierarchies},
  author = {Kenwright, Ben},
  year = {2012},
  publisher = {{Citeseer}}
}

@inproceedings{kavanSkinningDualQuaternions2007,
  title = {Skinning with Dual Quaternions},
  booktitle = {Proceedings of the 2007 Symposium on {{Interactive 3D}} Graphics and Games  - {{I3D}} '07},
  author = {Kavan, Ladislav and Collins, Steven and {\v Z}{\'a}ra, Ji{\v r}{\'i} and O'Sullivan, Carol},
  year = {2007},
  pages = {39},
  publisher = {{ACM Press}},
  langid = {english}
}

@book{tapp2016matrix,
  title={Matrix groups for undergraduates},
  author={Tapp, Kristopher},
  volume={79},
  year={2016},
  publisher={American Mathematical Soc.}
}

@inproceedings{shiFastUncertaintyQuantification2021,
  title = {Fast {{Uncertainty Quantification}} for {{Deep Object Pose Estimation}}},
  booktitle = {2021 {{IEEE International Conference}} on {{Robotics}} and {{Automation}} ({{ICRA}})},
  author = {Shi, Guanya and Zhu, Yifeng and Tremblay, Jonathan and Birchfield, Stan and Ramos, Fabio and Anandkumar, Animashree and Zhu, Yuke},
  year = {2021},
  month = may,
  pages = {5200--5207},
  publisher = {{IEEE}},
  langid = {english}
}


@article{beslMethodRegistration3D1992,
  title = {A Method for Registration of 3-{{D}} Shapes},
  author = {Besl, P.J. and McKay, Neil D.},
  year = {1992},
  month = feb,
  journal = {IEEE Transactions on Pattern Analysis and Machine Intelligence},
  volume = {14},
  number = {2},
  pages = {239--256},
  issn = {0162-8828, 2160-9292},
  langid = {english}
}

@inproceedings{deng2009imagenet,
  title={Imagenet: A large-scale hierarchical image database},
  author={Deng, Jia and Dong, Wei and Socher, Richard and Li, Li-Jia and Li, Kai and Fei-Fei, Li},
  booktitle={2009 IEEE conference on computer vision and pattern recognition},
  pages={248--255},
  year={2009},
  organization={Ieee}
}

@article{krizhevsky2012imagenet,
  title={Imagenet classification with deep convolutional neural networks},
  author={Krizhevsky, Alex and Sutskever, Ilya and Hinton, Geoffrey E},
  journal={Advances in neural information processing systems},
  volume={25},
  pages={1097--1105},
  year={2012}
}


@article{daniilidisHandEyeCalibrationUsing1999,
  title = {Hand-{{Eye Calibration Using Dual Quaternions}}},
  author = {Daniilidis, Konstantinos},
  year = {1999},
  month = mar,
  journal = {The International Journal of Robotics Research},
  volume = {18},
  number = {3},
  pages = {286--298},
  issn = {0278-3649, 1741-3176},
  langid = {english}
}


@article{stuelpnagelParametrizationThreeDimensionalRotation1964,
  title = {On the {{Parametrization}} of the {{Three-Dimensional Rotation Group}}},
  author = {Stuelpnagel, John},
  year = {1964},
  month = oct,
  journal = {SIAM Review},
  volume = {6},
  number = {4},
  pages = {422--430},
  issn = {0036-1445, 1095-7200},
  langid = {english}
}

@inproceedings{qidan2017rapid,
  title={A rapid and precise self-localization approach of mobile robot based on binocular omni-directional vision},
  author={Qidan, Zhu and Hongle, Xie and Chengtao, Cai and Peng, Liu},
  booktitle={2017 36th Chinese Control Conference (CCC)},
  pages={6835--6840},
  year={2017},
  organization={IEEE}
}

@article{shamsfakhr2020gsr,
  title={GSR: geometrical scan registration algorithm for robust and fast robot pose estimation},
  author={Shamsfakhr, Farhad and Bigham, Bahram Sadeghi},
  journal={Assembly Automation},
  year={2020},
  publisher={Emerald Publishing Limited}
}


